<record><leader>00000cas a2200000 a 4500</leader><controlfield tag="001">57306078</controlfield><controlfield tag="008">041221cuuuu9999iluer ne      0   a0chi c</controlfield><datafield ind1=" " ind2=" " tag="010"><subfield code="a">  2013271044</subfield></datafield><datafield ind1=" " ind2=" " tag="040"><subfield code="a">JNA</subfield><subfield code="b">eng</subfield><subfield code="c">JNA</subfield><subfield code="d">OCLCQ</subfield><subfield code="d">NVF</subfield><subfield code="d">OCLCF</subfield><subfield code="d">OCLCO</subfield></datafield><datafield ind1="0" ind2=" " tag="041"><subfield code="a">chi</subfield><subfield code="a">eng</subfield></datafield><datafield ind1=" " ind2=" " tag="043"><subfield code="a">n-us-il</subfield></datafield><datafield ind1="0" ind2=" " tag="130"><subfield code="a">Wen hua yu sheng huo (Vernon Hills, Ill.)</subfield></datafield><datafield ind1="1" ind2="0" tag="245"><subfield code="a">Wen hua yu sheng huo.</subfield></datafield><datafield ind1="1" ind2="1" tag="246"><subfield code="a">China tribune</subfield></datafield><datafield ind1=" " ind2=" " tag="260"><subfield code="a">Vernon Hills, Ill. :</subfield><subfield code="b">[s.n.]</subfield></datafield><datafield ind1=" " ind2=" " tag="300"><subfield code="a">v. :</subfield><subfield code="b">ill. ;</subfield><subfield code="c">38 cm.</subfield></datafield><datafield ind1=" " ind2=" " tag="310"><subfield code="a">Biweekly</subfield></datafield><datafield ind1=" " ind2=" " tag="546"><subfield code="a">In Chinese with some advertisements in English.</subfield></datafield><datafield ind1=" " ind2=" " tag="588"><subfield code="a">Description based on July 30, 2004; title from caption.</subfield></datafield><datafield ind1=" " ind2="0" tag="650"><subfield code="a">Chinese Americans</subfield><subfield code="v">Newspapers.</subfield></datafield><datafield ind1=" " ind2="0" tag="651"><subfield code="a">Vernon Hills (Ill.)</subfield><subfield code="v">Newspapers.</subfield></datafield><datafield ind1=" " ind2="7" tag="655"><subfield code="a">Newspapers.</subfield><subfield code="2">fast</subfield><subfield code="0">(OCoLC)fst01423814</subfield></datafield><datafield ind1=" " ind2="7" tag="650"><subfield code="a">Chinese Americans.</subfield><subfield code="2">fast</subfield><subfield code="0">(OCoLC)fst00857249</subfield></datafield><datafield ind1=" " ind2="7" tag="651"><subfield code="a">Illinois</subfield><subfield code="z">Vernon Hills.</subfield><subfield code="2">fast</subfield><subfield code="0">(OCoLC)fst01204521</subfield></datafield><datafield ind1=" " ind2=" " tag="752"><subfield code="a">United States</subfield><subfield code="b">Illinois</subfield><subfield code="c">Lake</subfield><subfield code="d">Vernon Hills.</subfield></datafield></record>